%YAML 1.1
%TAG !u! tag:unity3d.com,2011:
--- !u!1001 &100100000
Prefab:
  serializedVersion: 2
  m_Modification:
    m_TransformParent: {fileID: 0}
    m_Modifications: []
    m_RemovedComponents: []
  m_ParentPrefab: {fileID: 0}
  m_RootGameObject: {fileID: 1912535057098453}
  m_IsPrefabParent: 1
--- !u!1 &1912535057098453
GameObject:
  serializedVersion: 5
  m_Component:
  - component: {fileID: 4720059239468146}
  - component: {fileID: 114986884681590813}
  m_Layer: 0
  m_Name: GuitarSelector
  m_TagString: Untagged
  m_Icon: {fileID: 0}
  m_NavMeshLayer: 0
  m_StaticEditorFlags: 0
  m_IsActive: 1
--- !u!4 &4720059239468146
Transform:
  m_GameObject: {fileID: 1912535057098453}
  m_LocalRotation: {x: 0, y: 0, z: 0, w: 1}
  m_LocalPosition: {x: 1000, y: 1000, z: 0}
  m_LocalScale: {x: 1, y: 1, z: 1}
  m_Children:
  - {fileID: 224463428872564528}
  - {fileID: 4504088081289178}
  m_Father: {fileID: 0}
  m_RootOrder: 0
  m_LocalEulerAnglesHint: {x: 0, y: 0, z: 0}
--- !u!114 &114986884681590813
MonoBehaviour:
  m_GameObject: {fileID: 1912535057098453}
  m_Enabled: 1
  m_EditorHideFlags: 0
  m_Script: {fileID: 11500000, guid: 499569cd00b5f8e40a93531fec283965, type: 3}
  m_Name:
  m_EditorClassIdentifier:
--- !u!1 &1902238103298202
GameObject:
  serializedVersion: 5
  m_Component:
  - component: {fileID: 224463428872564528}
  - component: {fileID: 223500512615099327}
  - component: {fileID: 114206628313980770}
  - component: {fileID: 114890373327529338}
  - component: {fileID: 114957555635507286}
  m_Layer: 0
  m_Name: GuitarSelectorCanvas
  m_TagString: Untagged
  m_Icon: {fileID: 0}
  m_NavMeshLayer: 0
  m_StaticEditorFlags: 0
  m_IsActive: 1
--- !u!224 &224463428872564528
RectTransform:
  m_GameObject: {fileID: 1902238103298202}
  m_LocalRotation: {x: 0, y: 0, z: 0, w: 1}
  m_LocalPosition: {x: 0, y: 0, z: 0}
  m_LocalScale: {x: 0, y: 0, z: 0}
  m_Children:
  - {fileID: 224872031987229787}
  - {fileID: 224508360636398351}
  m_Father: {fileID: 4720059239468146}
  m_RootOrder: 0
  m_LocalEulerAnglesHint: {x: 0, y: 0, z: 0}
  m_AnchorMin: {x: 0, y: 0}
  m_AnchorMax: {x: 0, y: 0}
  m_AnchoredPosition: {x: 0, y: 0}
  m_SizeDelta: {x: 0, y: 0}
  m_Pivot: {x: 0, y: 0}
--- !u!223 &223500512615099327
Canvas:
  m_GameObject: {fileID: 1902238103298202}
  m_Enabled: 1
  serializedVersion: 3
  m_RenderMode: 1
  m_Camera: {fileID: 20825659024533938}
  m_PlaneDistance: 100
  m_PixelPerfect: 0
  m_ReceivesEvents: 1
  m_OverrideSorting: 0
  m_OverridePixelPerfect: 0
  m_SortingBucketNormalizedSize: 0
  m_AdditionalShaderChannelsFlag: 0
  m_SortingLayerID: 0
  m_SortingOrder: 0
  m_TargetDisplay: 0
--- !u!114 &114206628313980770
MonoBehaviour:
  m_GameObject: {fileID: 1902238103298202}
  m_Enabled: 1
  m_EditorHideFlags: 0
  m_Script: {fileID: 1980459831, guid: f70555f144d8491a825f0804e09c671c, type: 3}
  m_Name:
  m_EditorClassIdentifier:
--- !u!114 &114890373327529338
MonoBehaviour:
  m_GameObject: {fileID: 1902238103298202}
  m_Enabled: 1
  m_EditorHideFlags: 0
  m_Script: {fileID: 1301386320, guid: f70555f144d8491a825f0804e09c671c, type: 3}
  m_Name:
  m_EditorClassIdentifier:
--- !u!114 &114957555635507286
MonoBehaviour:
  m_GameObject: {fileID: 1902238103298202}
  m_Enabled: 1
  m_EditorHideFlags: 0
  m_Script: {fileID: 11500000, guid: 6e5fb6800c24ede4f8d60b1a172f91cb, type: 3}
  m_Name:
  m_EditorClassIdentifier:
--- !u!1 &1178706357711300
GameObject:
  serializedVersion: 5
  m_Component:
  - component: {fileID: 224872031987229787}
  m_Layer: 5
  m_Name: NavigationBar
  m_TagString: Untagged
  m_Icon: {fileID: 0}
  m_NavMeshLayer: 0
  m_StaticEditorFlags: 0
  m_IsActive: 1
--- !u!224 &224872031987229787
RectTransform:
  m_GameObject: {fileID: 1178706357711300}
  m_LocalRotation: {x: 0, y: 0, z: 0, w: 1}
  m_LocalPosition: {x: 0, y: 0, z: 0}
  m_LocalScale: {x: 1, y: 1, z: 1}
  m_Children:
  - {fileID: 224031459896362682}
  - {fileID: 224462778095082475}
  m_Father: {fileID: 224463428872564528}
  m_RootOrder: 0
  m_LocalEulerAnglesHint: {x: 0, y: 0, z: 0}
  m_AnchorMin: {x: 0, y: 0.8750001}
  m_AnchorMax: {x: 1, y: 1}
  m_AnchoredPosition: {x: 0, y: 0}
  m_SizeDelta: {x: 0, y: 0}
  m_Pivot: {x: 0.5, y: 0.5}
--- !u!1 &1165210845510830
GameObject:
  serializedVersion: 5
  m_Component:
  - component: {fileID: 224031459896362682}
  - component: {fileID: 222283655767980834}
  - component: {fileID: 114260218593960182}
  - component: {fileID: 114944147087794218}
  m_Layer: 5
  m_Name: backButton
  m_TagString: Untagged
  m_Icon: {fileID: 0}
  m_NavMeshLayer: 0
  m_StaticEditorFlags: 0
  m_IsActive: 1
--- !u!224 &224031459896362682
RectTransform:
  m_GameObject: {fileID: 1165210845510830}
  m_LocalRotation: {x: 0, y: 0, z: 0, w: 1}
  m_LocalPosition: {x: 0, y: 0, z: 0}
  m_LocalScale: {x: 1, y: 1, z: 1}
  m_Children: []
  m_Father: {fileID: 224872031987229787}
  m_RootOrder: 0
  m_LocalEulerAnglesHint: {x: 0, y: 0, z: 0}
  m_AnchorMin: {x: 0.0345471, y: 0.4485588}
  m_AnchorMax: {x: 0.0345471, y: 0.4485588}
  m_AnchoredPosition: {x: 0, y: 0}
  m_SizeDelta: {x: 145, y: 144}
  m_Pivot: {x: 0.5, y: 0.5}
--- !u!222 &222283655767980834
CanvasRenderer:
  m_GameObject: {fileID: 1165210845510830}
--- !u!114 &114260218593960182
MonoBehaviour:
  m_GameObject: {fileID: 1165210845510830}
  m_Enabled: 1
  m_EditorHideFlags: 0
  m_Script: {fileID: -765806418, guid: f70555f144d8491a825f0804e09c671c, type: 3}
  m_Name:
  m_EditorClassIdentifier:
--- !u!114 &114944147087794218
MonoBehaviour:
  m_GameObject: {fileID: 1165210845510830}
  m_Enabled: 1
  m_EditorHideFlags: 0
  m_Script: {fileID: 1392445389, guid: f70555f144d8491a825f0804e09c671c, type: 3}
  m_Name:
  m_EditorClassIdentifier:
--- !u!1 &1086054680285549
GameObject:
  serializedVersion: 5
  m_Component:
  - component: {fileID: 224462778095082475}
  - component: {fileID: 222359548351077303}
  - component: {fileID: 114084819494575574}
  - component: {fileID: 114527998095413933}
  - component: {fileID: 114729913144456486}
  m_Layer: 5
  m_Name: UnlockButton
  m_TagString: Untagged
  m_Icon: {fileID: 0}
  m_NavMeshLayer: 0
  m_StaticEditorFlags: 0
  m_IsActive: 1
--- !u!224 &224462778095082475
RectTransform:
  m_GameObject: {fileID: 1086054680285549}
  m_LocalRotation: {x: 0, y: 0, z: 0, w: 1}
  m_LocalPosition: {x: 0, y: 0, z: 0}
  m_LocalScale: {x: 1, y: 1, z: 1}
  m_Children: []
  m_Father: {fileID: 224872031987229787}
  m_RootOrder: 1
  m_LocalEulerAnglesHint: {x: 0, y: 0, z: 0}
  m_AnchorMin: {x: 1, y: 0.5}
  m_AnchorMax: {x: 1, y: 0.5}
  m_AnchoredPosition: {x: 0, y: 0}
  m_SizeDelta: {x: 645, y: 162}
  m_Pivot: {x: 1, y: 0.5}
--- !u!222 &222359548351077303
CanvasRenderer:
  m_GameObject: {fileID: 1086054680285549}
--- !u!114 &114084819494575574
MonoBehaviour:
  m_GameObject: {fileID: 1086054680285549}
  m_Enabled: 1
  m_EditorHideFlags: 0
  m_Script: {fileID: -765806418, guid: f70555f144d8491a825f0804e09c671c, type: 3}
  m_Name:
  m_EditorClassIdentifier:
--- !u!114 &114527998095413933
MonoBehaviour:
  m_GameObject: {fileID: 1086054680285549}
  m_Enabled: 1
  m_EditorHideFlags: 0
  m_Script: {fileID: 1392445389, guid: f70555f144d8491a825f0804e09c671c, type: 3}
  m_Name:
  m_EditorClassIdentifier:
--- !u!114 &114729913144456486
MonoBehaviour:
  m_GameObject: {fileID: 1086054680285549}
  m_Enabled: 1
  m_EditorHideFlags: 0
  m_Script: {fileID: 11500000, guid: ebdafb66bf6de1d4ba92a66888ff67ac, type: 3}
  m_Name:
  m_EditorClassIdentifier:
--- !u!1 &1655364481314547
GameObject:
  serializedVersion: 5
  m_Component:
  - component: {fileID: 224508360636398351}
  - component: {fileID: 222370498129241522}
  - component: {fileID: 114039438072905620}
  m_Layer: 0
  m_Name: BackGround
  m_TagString: Untagged
  m_Icon: {fileID: 0}
  m_NavMeshLayer: 0
  m_StaticEditorFlags: 0
  m_IsActive: 1
--- !u!224 &224508360636398351
RectTransform:
  m_GameObject: {fileID: 1655364481314547}
  m_LocalRotation: {x: 0, y: 0, z: 0, w: 1}
  m_LocalPosition: {x: 0, y: 0, z: 0}
  m_LocalScale: {x: 1, y: 1, z: 1}
  m_Children:
  - {fileID: 224548970310872218}
  - {fileID: 224072152917976166}
  m_Father: {fileID: 224463428872564528}
  m_RootOrder: 1
  m_LocalEulerAnglesHint: {x: 0, y: 0, z: 0}
  m_AnchorMin: {x: 0, y: 0}
  m_AnchorMax: {x: 1, y: 0.85}
  m_AnchoredPosition: {x: 0, y: 0}
  m_SizeDelta: {x: 0, y: 0}
  m_Pivot: {x: 0.5, y: 0.5}
--- !u!222 &222370498129241522
CanvasRenderer:
  m_GameObject: {fileID: 1655364481314547}
--- !u!114 &114039438072905620
MonoBehaviour:
  m_GameObject: {fileID: 1655364481314547}
  m_Enabled: 1
  m_EditorHideFlags: 0
  m_Script: {fileID: -765806418, guid: f70555f144d8491a825f0804e09c671c, type: 3}
  m_Name:
  m_EditorClassIdentifier:
--- !u!1 &1669872358979768
GameObject:
  serializedVersion: 5
  m_Component:
  - component: {fileID: 224548970310872218}
  - component: {fileID: 222046187909350707}
  - component: {fileID: 114091955453719100}
  - component: {fileID: 114382062873470791}
  - component: {fileID: 114344511850666622}
  m_Layer: 0
  m_Name: Horizontal Scroll Snap
  m_TagString: Untagged
  m_Icon: {fileID: 0}
  m_NavMeshLayer: 0
  m_StaticEditorFlags: 0
  m_IsActive: 1
--- !u!224 &224548970310872218
RectTransform:
  m_GameObject: {fileID: 1669872358979768}
  m_LocalRotation: {x: 0, y: 0, z: 0, w: 1}
  m_LocalPosition: {x: 0, y: 0, z: 0}
  m_LocalScale: {x: 1, y: 1, z: 1}
  m_Children:
  - {fileID: 224504849499822278}
  m_Father: {fileID: 224508360636398351}
  m_RootOrder: 0
  m_LocalEulerAnglesHint: {x: 0, y: 0, z: 0}
  m_AnchorMin: {x: 0.5, y: 0.5}
  m_AnchorMax: {x: 0.5, y: 0.5}
  m_AnchoredPosition: {x: 0, y: 0}
  m_SizeDelta: {x: 2208, y: 1056}
  m_Pivot: {x: 0.5, y: 0.5}
--- !u!222 &222046187909350707
CanvasRenderer:
  m_GameObject: {fileID: 1669872358979768}
--- !u!114 &114091955453719100
MonoBehaviour:
  m_GameObject: {fileID: 1669872358979768}
  m_Enabled: 1
  m_EditorHideFlags: 0
  m_Script: {fileID: -765806418, guid: f70555f144d8491a825f0804e09c671c, type: 3}
  m_Name:
  m_EditorClassIdentifier:
--- !u!114 &114382062873470791
MonoBehaviour:
  m_GameObject: {fileID: 1669872358979768}
  m_Enabled: 1
  m_EditorHideFlags: 0
  m_Script: {fileID: 1367256648, guid: f70555f144d8491a825f0804e09c671c, type: 3}
  m_Name:
  m_EditorClassIdentifier:
--- !u!114 &114344511850666622
MonoBehaviour:
  m_GameObject: {fileID: 1669872358979768}
  m_Enabled: 1
  m_EditorHideFlags: 0
  m_Script: {fileID: 11500000, guid: c8a29ae1cac13484e815e2f5a9560560, type: 3}
  m_Name:
  m_EditorClassIdentifier:
--- !u!1 &1792946347142357
GameObject:
  serializedVersion: 5
  m_Component:
  - component: {fileID: 224504849499822278}
  - component: {fileID: 114975407856734080}
  m_Layer: 0
  m_Name: Content
  m_TagString: Untagged
  m_Icon: {fileID: 0}
  m_NavMeshLayer: 0
  m_StaticEditorFlags: 0
  m_IsActive: 1
--- !u!224 &224504849499822278
RectTransform:
  m_GameObject: {fileID: 1792946347142357}
  m_LocalRotation: {x: 0, y: 0, z: 0, w: 1}
  m_LocalPosition: {x: 0.0002441406, y: 0, z: 0}
  m_LocalScale: {x: 1, y: 1, z: 1}
  m_Children: []
  m_Father: {fileID: 224548970310872218}
  m_RootOrder: 0
  m_LocalEulerAnglesHint: {x: 0, y: 0, z: 0}
  m_AnchorMin: {x: 0, y: 0}
  m_AnchorMax: {x: 1, y: 1}
  m_AnchoredPosition: {x: 0.0002630879, y: 0}
  m_SizeDelta: {x: 0.0002909548, y: 0}
  m_Pivot: {x: 0.5, y: 0.5}
--- !u!114 &114975407856734080
MonoBehaviour:
  m_GameObject: {fileID: 1792946347142357}
  m_Enabled: 1
  m_EditorHideFlags: 0
  m_Script: {fileID: 11500000, guid: 03834998b4a2e414b82e384c1266b55a, type: 3}
  m_Name:
  m_EditorClassIdentifier:
--- !u!1 &1863517361337277
GameObject:
  serializedVersion: 5
  m_Component:
  - component: {fileID: 224072152917976166}
  - component: {fileID: 114624294049629717}
  m_Layer: 0
  m_Name: PageViewIndicator
  m_TagString: Untagged
  m_Icon: {fileID: 0}
  m_NavMeshLayer: 0
  m_StaticEditorFlags: 0
  m_IsActive: 1
--- !u!224 &224072152917976166
RectTransform:
  m_GameObject: {fileID: 1863517361337277}
  m_LocalRotation: {x: 0, y: 0, z: 0, w: 1}
  m_LocalPosition: {x: 0, y: 0, z: 0}
  m_LocalScale: {x: 1, y: 1, z: 1}
  m_Children: []
  m_Father: {fileID: 224508360636398351}
  m_RootOrder: 1
  m_LocalEulerAnglesHint: {x: 0, y: 0, z: 0}
  m_AnchorMin: {x: 0.2588806, y: 0.044119}
  m_AnchorMax: {x: 0.7383527, y: 0.09324693}
  m_AnchoredPosition: {x: 0, y: 0}
  m_SizeDelta: {x: 0, y: 0}
  m_Pivot: {x: 0.5, y: 0.5}
--- !u!114 &114624294049629717
MonoBehaviour:
  m_GameObject: {fileID: 1863517361337277}
  m_Enabled: 1
  m_EditorHideFlags: 0
  m_Script: {fileID: 11500000, guid: 3a55db8b9ae784043a01e3f5031c144c, type: 3}
  m_Name:
  m_EditorClassIdentifier:
--- !u!1 &1371088120672410
GameObject:
  serializedVersion: 5
  m_Component:
  - component: {fileID: 4504088081289178}
  - component: {fileID: 20825659024533938}
  - component: {fileID: 124913010316933024}
  m_Layer: 0
  m_Name: GuitarSelectorCamera
  m_TagString: MainCamera
  m_Icon: {fileID: 0}
  m_NavMeshLayer: 0
  m_StaticEditorFlags: 0
  m_IsActive: 1
--- !u!4 &4504088081289178
Transform:
  m_GameObject: {fileID: 1371088120672410}
  m_LocalRotation: {x: 0, y: 0, z: 0, w: 1}
  m_LocalPosition: {x: 0, y: 0, z: 0}
  m_LocalScale: {x: 1, y: 1, z: 1}
  m_Children: []
  m_Father: {fileID: 4720059239468146}
  m_RootOrder: 1
  m_LocalEulerAnglesHint: {x: 0, y: 0, z: 0}
--- !u!20 &20825659024533938
Camera:
  m_GameObject: {fileID: 1371088120672410}
  m_Enabled: 1
  serializedVersion: 2
  m_ClearFlags: 3
  m_BackGroundColor: {r: 0.1921569, g: 0.3019608, b: 0.4745098, a: 0}
  m_NormalizedViewPortRect:
    serializedVersion: 2
    x: 0
    y: 0
    width: 1
    height: 1
  near clip plane: 0.3
  far clip plane: 1000
  field of view: 60
  orthographic: 0
  orthographic size: 5
  m_Depth: 1
  m_CullingMask:
    serializedVersion: 2
    m_Bits: 4294967295
  m_RenderingPath: -1
  m_TargetTexture: {fileID: 0}
  m_TargetDisplay: 0
  m_TargetEye: 3
  m_HDR: 0
  m_AllowMSAA: 0
  m_AllowDynamicResolution: 0
  m_ForceIntoRT: 0
  m_OcclusionCulling: 1
  m_StereoConvergence: 10
  m_StereoSeparation: 0.022
--- !u!124 &124913010316933024
FlareLayer:
  m_GameObject: {fileID: 1371088120672410}
  m_Enabled: 1
