%YAML 1.1
%TAG !u! tag:unity3d.com,2011:
--- !u!91 &9100000
AnimatorController:
  m_CorrespondingSourceObject: {fileID: 0}
  m_PrefabInternal: {fileID: 0}
  m_Name: StrumSpawnObject
  serializedVersion: 5
  m_AnimatorParameters:
  - m_Name: Strum3TutoAnim
    m_Type: 4
    m_DefaultFloat: 0
    m_DefaultInt: 0
    m_DefaultBool: 0
    m_DefaultController: {fileID: 9100000}
  - m_Name: Strum4TutoAnim
    m_Type: 4
    m_DefaultFloat: 0
    m_DefaultInt: 0
    m_DefaultBool: 0
    m_DefaultController: {fileID: 9100000}
  - m_Name: Strum5TutoAnim
    m_Type: 4
    m_DefaultFloat: 0
    m_DefaultInt: 0
    m_DefaultBool: 0
    m_DefaultController: {fileID: 9100000}
  - m_Name: Strum6TutoAnim
    m_Type: 4
    m_DefaultFloat: 0
    m_DefaultInt: 0
    m_DefaultBool: 0
    m_DefaultController: {fileID: 9100000}
  m_AnimatorLayers:
  - serializedVersion: 5
    m_Name: Base Layer
    m_StateMachine: {fileID: 1107899419387872713}
    m_Mask: {fileID: 0}
    m_Motions: []
    m_Behaviours: []
    m_BlendingMode: 0
    m_SyncedLayerIndex: -1
    m_DefaultWeight: 0
    m_IKPass: 0
    m_SyncedLayerAffectsTiming: 0
    m_Controller: {fileID: 9100000}
--- !u!1107 &1107899419387872713
AnimatorStateMachine:
  serializedVersion: 5
  m_CorrespondingSourceObject: {fileID: 0}
  m_PrefabInternal: {fileID: 0}
  m_Name: Base Layer
  m_ChildStates:
  - serializedVersion: 1
    m_State: {fileID: 1102156701305067507}
    m_Position: {x: 0, y: 0, z: 0}
  - serializedVersion: 1
    m_State: {fileID: 1102151497456263720}
    m_Position: {x: 250, y: 0, z: 0}
  - serializedVersion: 1
    m_State: {fileID: 1102764671679362906}
    m_Position: {x: 500, y: 0, z: 0}
  - serializedVersion: 1
    m_State: {fileID: 1102292693462386824}
    m_Position: {x: 0, y: 250, z: 0}
  - serializedVersion: 1
    m_State: {fileID: 1102975606322316029}
    m_Position: {x: 250, y: 250, z: 0}
  m_ChildStateMachines: []
  m_AnyStateTransitions: []
  m_EntryTransitions: []
  m_StateMachineTransitions: {}
  m_StateMachineBehaviours: []
  m_AnyStatePosition: {x: 0, y: -250, z: 0}
  m_EntryPosition: {x: 250, y: -250, z: 0}
  m_ExitPosition: {x: 500, y: -250, z: 0}
  m_ParentStateMachinePosition: {x: 800, y: 20, z: 0}
  m_DefaultState: {fileID: 1102156701305067507}
--- !u!1102 &1102156701305067507
AnimatorState:
  serializedVersion: 5
  m_CorrespondingSourceObject: {fileID: 0}
  m_PrefabInternal: {fileID: 0}
  m_Name: StrumTutoIdlle
  m_Speed: 1
  m_CycleOffset: 0
  m_Transitions:
  - {fileID: 1101613932345881442}
  - {fileID: 1101022528749452510}
  - {fileID: 1101282379272028023}
  - {fileID: 1101946330705512295}
  m_StateMachineBehaviours: []
  m_Position: {x: 0, y: 0, z: 0}
  m_IKOnFeet: 0
  m_WriteDefaultValues: 1
  m_Mirror: 0
  m_SpeedParameterActive: 0
  m_MirrorParameterActive: 0
  m_CycleOffsetParameterActive: 0
  m_TimeParameterActive: 0
  m_Motion: {fileID: 7400000, guid: ac13ffca32406fa41848f4a44cc00cb4, type: 2}
  m_Tag:
  m_SpeedParameter:
  m_MirrorParameter:
  m_CycleOffsetParameter:
  m_TimeParameter:
--- !u!1101 &1101613932345881442
AnimatorStateTransition:
  m_CorrespondingSourceObject: {fileID: 0}
  m_PrefabInternal: {fileID: 0}
  m_Name:
  m_Conditions:
  - m_ConditionMode: 1
    m_ConditionEvent: Strum3TutoAnim
    m_EventTreshold: 0
  m_DstStateMachine: {fileID: 0}
  m_DstState: {fileID: 1102151497456263720}
  m_Solo: 0
  m_Mute: 0
  m_IsExit: 0
  serializedVersion: 3
  m_TransitionDuration: 0
  m_TransitionOffset: 0
  m_ExitTime: 1
  m_HasExitTime: 1
  m_HasFixedDuration: 1
  m_InterruptionSource: 0
  m_OrderedInterruption: 1
  m_CanTransitionToSelf: 1
--- !u!1101 &1101022528749452510
AnimatorStateTransition:
  m_CorrespondingSourceObject: {fileID: 0}
  m_PrefabInternal: {fileID: 0}
  m_Name:
  m_Conditions:
  - m_ConditionMode: 1
    m_ConditionEvent: Strum4TutoAnim
    m_EventTreshold: 0
  m_DstStateMachine: {fileID: 0}
  m_DstState: {fileID: 1102764671679362906}
  m_Solo: 0
  m_Mute: 0
  m_IsExit: 0
  serializedVersion: 3
  m_TransitionDuration: 0
  m_TransitionOffset: 0.001491846
  m_ExitTime: 1
  m_HasExitTime: 1
  m_HasFixedDuration: 1
  m_InterruptionSource: 0
  m_OrderedInterruption: 1
  m_CanTransitionToSelf: 1
--- !u!1101 &1101282379272028023
AnimatorStateTransition:
  m_CorrespondingSourceObject: {fileID: 0}
  m_PrefabInternal: {fileID: 0}
  m_Name:
  m_Conditions:
  - m_ConditionMode: 1
    m_ConditionEvent: Strum5TutoAnim
    m_EventTreshold: 0
  m_DstStateMachine: {fileID: 0}
  m_DstState: {fileID: 1102292693462386824}
  m_Solo: 0
  m_Mute: 0
  m_IsExit: 0
  serializedVersion: 3
  m_TransitionDuration: 0
  m_TransitionOffset: 0.001491846
  m_ExitTime: 1
  m_HasExitTime: 1
  m_HasFixedDuration: 1
  m_InterruptionSource: 0
  m_OrderedInterruption: 1
  m_CanTransitionToSelf: 1
--- !u!1101 &1101946330705512295
AnimatorStateTransition:
  m_CorrespondingSourceObject: {fileID: 0}
  m_PrefabInternal: {fileID: 0}
  m_Name:
  m_Conditions:
  - m_ConditionMode: 1
    m_ConditionEvent: Strum6TutoAnim
    m_EventTreshold: 0
  m_DstStateMachine: {fileID: 0}
  m_DstState: {fileID: 1102975606322316029}
  m_Solo: 0
  m_Mute: 0
  m_IsExit: 0
  serializedVersion: 3
  m_TransitionDuration: 0
  m_TransitionOffset: 0.001491846
  m_ExitTime: 1
  m_HasExitTime: 1
  m_HasFixedDuration: 1
  m_InterruptionSource: 0
  m_OrderedInterruption: 1
  m_CanTransitionToSelf: 1
--- !u!1102 &1102151497456263720
AnimatorState:
  serializedVersion: 5
  m_CorrespondingSourceObject: {fileID: 0}
  m_PrefabInternal: {fileID: 0}
  m_Name: Strum3tutoAnimation
  m_Speed: 1
  m_CycleOffset: 0
  m_Transitions:
  - {fileID: 1101493913318811256}
  m_StateMachineBehaviours: []
  m_Position: {x: 250, y: 0, z: 0}
  m_IKOnFeet: 0
  m_WriteDefaultValues: 1
  m_Mirror: 0
  m_SpeedParameterActive: 0
  m_MirrorParameterActive: 0
  m_CycleOffsetParameterActive: 0
  m_TimeParameterActive: 0
  m_Motion: {fileID: 7400000, guid: b1c455c2a234ba54daa6345a718ac32b, type: 2}
  m_Tag:
  m_SpeedParameter:
  m_MirrorParameter:
  m_CycleOffsetParameter:
  m_TimeParameter:
--- !u!1101 &1101493913318811256
AnimatorStateTransition:
  m_CorrespondingSourceObject: {fileID: 0}
  m_PrefabInternal: {fileID: 0}
  m_Name:
  m_Conditions:
  - m_ConditionMode: 2
    m_ConditionEvent: Strum3TutoAnim
    m_EventTreshold: 0
  m_DstStateMachine: {fileID: 0}
  m_DstState: {fileID: 1102156701305067507}
  m_Solo: 0
  m_Mute: 0
  m_IsExit: 0
  serializedVersion: 3
  m_TransitionDuration: 0
  m_TransitionOffset: 0
  m_ExitTime: 1
  m_HasExitTime: 1
  m_HasFixedDuration: 1
  m_InterruptionSource: 0
  m_OrderedInterruption: 1
  m_CanTransitionToSelf: 1
--- !u!1102 &1102764671679362906
AnimatorState:
  serializedVersion: 5
  m_CorrespondingSourceObject: {fileID: 0}
  m_PrefabInternal: {fileID: 0}
  m_Name: Strum4tutoAnimation
  m_Speed: 1
  m_CycleOffset: 0
  m_Transitions:
  - {fileID: 1101609321239032353}
  m_StateMachineBehaviours: []
  m_Position: {x: 500, y: 0, z: 0}
  m_IKOnFeet: 0
  m_WriteDefaultValues: 1
  m_Mirror: 0
  m_SpeedParameterActive: 0
  m_MirrorParameterActive: 0
  m_CycleOffsetParameterActive: 0
  m_TimeParameterActive: 0
  m_Motion: {fileID: 7400000, guid: 7c1741087ee72544dabd077d0e993f87, type: 2}
  m_Tag:
  m_SpeedParameter:
  m_MirrorParameter:
  m_CycleOffsetParameter:
  m_TimeParameter:
--- !u!1101 &1101609321239032353
AnimatorStateTransition:
  m_CorrespondingSourceObject: {fileID: 0}
  m_PrefabInternal: {fileID: 0}
  m_Name:
  m_Conditions:
  - m_ConditionMode: 2
    m_ConditionEvent: Strum4TutoAnim
    m_EventTreshold: 0
  m_DstStateMachine: {fileID: 0}
  m_DstState: {fileID: 1102156701305067507}
  m_Solo: 0
  m_Mute: 0
  m_IsExit: 0
  serializedVersion: 3
  m_TransitionDuration: 0
  m_TransitionOffset: 0.0009945637
  m_ExitTime: 1
  m_HasExitTime: 1
  m_HasFixedDuration: 1
  m_InterruptionSource: 0
  m_OrderedInterruption: 1
  m_CanTransitionToSelf: 1
--- !u!1102 &1102292693462386824
AnimatorState:
  serializedVersion: 5
  m_CorrespondingSourceObject: {fileID: 0}
  m_PrefabInternal: {fileID: 0}
  m_Name: Strum5tutoAnimation
  m_Speed: 1
  m_CycleOffset: 0
  m_Transitions:
  - {fileID: 1101159407138006882}
  m_StateMachineBehaviours: []
  m_Position: {x: 0, y: 250, z: 0}
  m_IKOnFeet: 0
  m_WriteDefaultValues: 1
  m_Mirror: 0
  m_SpeedParameterActive: 0
  m_MirrorParameterActive: 0
  m_CycleOffsetParameterActive: 0
  m_TimeParameterActive: 0
  m_Motion: {fileID: 7400000, guid: d29b9f4322e2bb3478d6836ceeab2315, type: 2}
  m_Tag:
  m_SpeedParameter:
  m_MirrorParameter:
  m_CycleOffsetParameter:
  m_TimeParameter:
--- !u!1101 &1101159407138006882
AnimatorStateTransition:
  m_CorrespondingSourceObject: {fileID: 0}
  m_PrefabInternal: {fileID: 0}
  m_Name:
  m_Conditions:
  - m_ConditionMode: 2
    m_ConditionEvent: Strum5TutoAnim
    m_EventTreshold: 0
  m_DstStateMachine: {fileID: 0}
  m_DstState: {fileID: 1102156701305067507}
  m_Solo: 0
  m_Mute: 0
  m_IsExit: 0
  serializedVersion: 3
  m_TransitionDuration: 0
  m_TransitionOffset: 0
  m_ExitTime: 1
  m_HasExitTime: 1
  m_HasFixedDuration: 1
  m_InterruptionSource: 0
  m_OrderedInterruption: 1
  m_CanTransitionToSelf: 1
--- !u!1102 &1102975606322316029
AnimatorState:
  serializedVersion: 5
  m_CorrespondingSourceObject: {fileID: 0}
  m_PrefabInternal: {fileID: 0}
  m_Name: Strum6tutoAnimation
  m_Speed: 1
  m_CycleOffset: 0
  m_Transitions:
  - {fileID: 1101025778824720589}
  m_StateMachineBehaviours: []
  m_Position: {x: 250, y: 250, z: 0}
  m_IKOnFeet: 0
  m_WriteDefaultValues: 1
  m_Mirror: 0
  m_SpeedParameterActive: 0
  m_MirrorParameterActive: 0
  m_CycleOffsetParameterActive: 0
  m_TimeParameterActive: 0
  m_Motion: {fileID: 7400000, guid: e93281ac92cfced4caeb37a7eafb7e13, type: 2}
  m_Tag:
  m_SpeedParameter:
  m_MirrorParameter:
  m_CycleOffsetParameter:
  m_TimeParameter:
--- !u!1101 &1101025778824720589
AnimatorStateTransition:
  m_CorrespondingSourceObject: {fileID: 0}
  m_PrefabInternal: {fileID: 0}
  m_Name:
  m_Conditions:
  - m_ConditionMode: 2
    m_ConditionEvent: Strum6TutoAnim
    m_EventTreshold: 0
  m_DstStateMachine: {fileID: 0}
  m_DstState: {fileID: 1102156701305067507}
  m_Solo: 0
  m_Mute: 0
  m_IsExit: 0
  serializedVersion: 3
  m_TransitionDuration: 0
  m_TransitionOffset: 0.0009945637
  m_ExitTime: 1
  m_HasExitTime: 1
  m_HasFixedDuration: 1
  m_InterruptionSource: 0
  m_OrderedInterruption: 1
  m_CanTransitionToSelf: 1
